<?xml version="1.0" encoding="UTF-8"?><collection xmlns="http://www.loc.gov/MARC21/slim"><record><leader>00386nam--2200133-i-4500</leader><controlfield tag="001">000003518</controlfield><controlfield tag="002">20161230</controlfield><controlfield tag="005">20161230201025</controlfield><controlfield tag="008">060222s1000------------r-----000-0-eng-d</controlfield><datafield ind1=" " ind2=" " tag="080"><subfield code="a">61(061.3):577.3(061.3)</subfield></datafield><datafield ind1=" " ind2=" " tag="245"><subfield code="a">Applied biophysics. survey of physical methods used in medicine. a symposium</subfield></datafield><datafield ind1=" " ind2=" " tag="260"><subfield code="a">Brooklyn, Chemical Publ., 1949 293 P</subfield></datafield><datafield ind1=" " ind2=" " tag="700"><subfield code="a">N.Howard Jones</subfield></datafield><datafield ind1=" " ind2=" " tag="852"><subfield code="a">2872</subfield></datafield></record></collection>